<?xml version="1.0" encoding="UTF-8"?><collection xmlns="http://www.loc.gov/MARC21/slim"><record><leader>00547nam--2200169-i-4500</leader><controlfield tag="001">000017994</controlfield><controlfield tag="002">20161230</controlfield><controlfield tag="005">20161230201032</controlfield><controlfield tag="008">060222s1000------------r-----000-0-fre-d</controlfield><datafield ind1=" " ind2=" " tag="040"><subfield code="a">IFIN-HH</subfield></datafield><datafield ind1=" " ind2=" " tag="080"><subfield code="a">539.2</subfield></datafield><datafield ind1="1" ind2=" " tag="110"><subfield code="a">Institut International De Physique Solvay</subfield></datafield><datafield ind1="1" ind2="0" tag="245"><subfield code="a">Les electrons dans les metaux</subfield><subfield code="b">Rapports et discussions, du dixieme conseil de physique tenu a l'universite de bruxelles du 13 au 17 septembre 1954</subfield></datafield><datafield ind1=" " ind2=" " tag="260"><subfield code="a">Bruxelles</subfield><subfield code="b">R.Stoops</subfield><subfield code="c">1955</subfield></datafield><datafield ind1=" " ind2=" " tag="300"><subfield code="a">366 P</subfield></datafield><datafield ind1=" " ind2=" " tag="852"><subfield code="a">13116</subfield><subfield code="c">539.2</subfield></datafield><datafield ind1=" " ind2=" " tag="CAT"><subfield code="a">Sys</subfield><subfield code="c">20121003</subfield><subfield code="h">111808</subfield></datafield></record></collection>